<?xml version="1.0" encoding="UTF-8"?><record xmlns="http://www.loc.gov/MARC21/slim" xmlns:cinclude="http://apache.org/cocoon/include/1.0" xmlns:zs="http://www.loc.gov/zing/srw/">
  <leader>00415nz  a2200121n  4500</leader>
  <controlfield tag="001">n  88144717 </controlfield>
  <controlfield tag="003">DLC</controlfield>
  <controlfield tag="005">19880629155213.5</controlfield>
  <controlfield tag="008">880606n| acannaab|          |n aaa ||| c</controlfield>
  <datafield tag="010" ind1=" " ind2=" ">
    <subfield code="a">n  88144717 </subfield>
  </datafield>
  <datafield tag="040" ind1=" " ind2=" ">
    <subfield code="a">InU</subfield>
    <subfield code="c">DLC</subfield>
    <subfield code="d">DLC</subfield>
  </datafield>
  <datafield tag="100" ind1="1" ind2="0">
    <subfield code="a">Ensinger, Mark William,</subfield>
    <subfield code="d">1961-</subfield>
  </datafield>
  <datafield tag="670" ind1=" " ind2=" ">
    <subfield code="a">His [Gamma]-silicon stabilization of carbonium ion intermediates in solvolysis reactions, 1987:</subfield>
    <subfield code="b">t.p. (Mark William Ensinger) vita (b. 5/23/61)</subfield>
  </datafield>
</record>